@online{va-gov-american-wars,
	author = {Department of Veterans Affairs},
	title = {America's Wars},
	howpublished = "\url{https://www.va.gov/opa/publications/factsheets/fs_americas_wars.pdf}",
	note = "[Online; accessed 2023-01-23]"
}

@online{army-mil-korea,
	author = {U.S. Army Center of Military History},
	title = {The Korean War Chronology},
	howpublished = "\url{https://history.army.mil/reference/korea/kw-chrono.htm}",
	note = "[Online; accessed 2023-01-23]"
}

@online{defense-gov-gulf,
	author = {David Vergun},
	title = {Nation Observes Anniversary of Operation Desert Storm},
	howpublished = "\url{https://www.defense.gov/News/News-Stories/Article/Article/2879147/nation-observes-anniversary-of-operation-desert-storm/}",
	note = "[Online; accessed 2023-01-23]"
}

@oneline{gowt-bushlibrary,
	author = {US National Archives},
	title = {Global War on Terror},
	howpublished = "\url{https://www.georgewbushlibrary.gov/research/topic-guides/global-war-terror}",
	note = "[Online; accessed 2023-01-23]"
}


@oneline{gowt-hundred-days,
	author = {US Department of State},
	title = {The Global War on Terrorism: The First 100 Days},
	howpubllished = "\url{https://2001-2009.state.gov/s/ct/rls/wh/6947.htm}",
	note = "[Online; accessed 2023-01-23]"
}